@book{HS2012,
   author = {Sparnaay, Harry},
   title = {The Bass Clarinet: A Personal History},
   publisher = {Periferia Sheet Music},
   year = {2012},
}

@book{RN1695,
   author = {Levine, Carin and Mitropoulos-Bott, Christina},
   title = {The techniques of flute playing = Die Spieltechnik der Flöte},
   publisher = {Bärenreiter},
   address = {Kassel ; New York},
   year = {2003},
}

@misc{RN1733,
   author = {Services, NYC Music},
   title = {Finale 1988 promotional video},
   pages = {https://youtu.be/T1IRlg87Qks},
   month = {November 28, 2024},
   year = {2024},
   type = {Online Multimedia}
}


@book{RN4,
   author = {Salzedo, Carlos},
   title = {L'étude moderne de la harpe... Modern study of the harp},
   publisher = {G. Schirmer},
   address = {New York - Boston,},
   pages = {3 p.l., 53 p.},
   year = {1921},
}

